@manual{syn,
  title   = {Vivado Design Suite User Guide: Synthesis},
  author  = {Xilinx},
  edition = {2017.1},
  mark    = {K},
  date    = {2017-04-05},
  urldate = {2020-09-20},
  url     = {https://www.xilinx.com/support/documentation/sw_manuals/xilinx2017_1/ug901-vivado-synthesis.pdf}
}
